<record><leader>00000cas a2200000 a 4500</leader><controlfield tag="001">9798676</controlfield><controlfield tag="008">830810d18361840miuwr ne      0    0eng  </controlfield><datafield ind1=" " ind2=" " tag="010"><subfield code="a">sn 83016410 </subfield></datafield><datafield ind1=" " ind2=" " tag="040"><subfield code="a">DLC</subfield><subfield code="b">eng</subfield><subfield code="c">DLC</subfield><subfield code="d">NPX</subfield><subfield code="d">MHN</subfield><subfield code="d">OCL</subfield><subfield code="d">OCLCQ</subfield><subfield code="d">OCLCO</subfield><subfield code="d">OCLCF</subfield></datafield><datafield ind1="1" ind2=" " tag="029"><subfield code="a">AU@</subfield><subfield code="b">000002999479</subfield></datafield><datafield ind1=" " ind2=" " tag="042"><subfield code="a">pcc</subfield></datafield><datafield ind1=" " ind2=" " tag="043"><subfield code="a">n-us-mi</subfield></datafield><datafield ind1="0" ind2="0" tag="050"><subfield code="a">Newspaper 8439</subfield></datafield><datafield ind1="0" ind2=" " tag="130"><subfield code="a">Monroe times (Monroe, Mich.)</subfield></datafield><datafield ind1="1" ind2="4" tag="245"><subfield code="a">The Monroe times.</subfield></datafield><datafield ind1=" " ind2=" " tag="260"><subfield code="a">Monroe, Mich. :</subfield><subfield code="b">E.G. Morton &amp; Co.,</subfield><subfield code="c">1836-</subfield></datafield><datafield ind1=" " ind2=" " tag="300"><subfield code="a">v. ;</subfield><subfield code="c">59 cm.</subfield></datafield><datafield ind1=" " ind2=" " tag="310"><subfield code="a">Weekly</subfield></datafield><datafield ind1="0" ind2=" " tag="362"><subfield code="a">Vol. 1, no. 1 (July 28, 1836)-</subfield></datafield><datafield ind1="1" ind2=" " tag="362"><subfield code="a">Ceased in Dec. 1840.</subfield><subfield code="z">Cf. McMurtrie, d. C. Early print. in Mich.</subfield></datafield><datafield ind1=" " ind2=" " tag="500"><subfield code="a">Publisher: E.G. Morton &amp; Co., &lt;1837&gt;.</subfield></datafield><datafield ind1=" " ind2="0" tag="651"><subfield code="a">Monroe (Mich.)</subfield><subfield code="v">Newspapers.</subfield></datafield><datafield ind1=" " ind2="0" tag="651"><subfield code="a">Monroe County (Mich.)</subfield><subfield code="v">Newspapers.</subfield></datafield><datafield ind1=" " ind2="7" tag="655"><subfield code="a">Newspapers.</subfield><subfield code="2">fast</subfield><subfield code="0">(OCoLC)fst01423814</subfield></datafield><datafield ind1=" " ind2="7" tag="651"><subfield code="a">Michigan</subfield><subfield code="z">Monroe.</subfield><subfield code="2">fast</subfield><subfield code="0">(OCoLC)fst01215911</subfield></datafield><datafield ind1=" " ind2="7" tag="651"><subfield code="a">Michigan</subfield><subfield code="z">Monroe County.</subfield><subfield code="2">fast</subfield><subfield code="0">(OCoLC)fst01215990</subfield></datafield><datafield ind1=" " ind2=" " tag="752"><subfield code="a">United States</subfield><subfield code="b">Michigan</subfield><subfield code="c">Monroe</subfield><subfield code="d">Monroe.</subfield></datafield><datafield ind1="0" ind2="0" tag="780"><subfield code="t">Michigan sentinel (Monroe, Mich.)</subfield><subfield code="w">(DLC)sn 83016409</subfield><subfield code="w">(OCoLC)9798615</subfield></datafield><datafield ind1="0" ind2="0" tag="785"><subfield code="t">Monroe advocate (Monroe, Mich.)</subfield><subfield code="w">(DLC)sn 83016411</subfield><subfield code="w">(OCoLC)9801880</subfield></datafield></record>